0000002011520005D                 SA XXXX MARKET            GEBABEBB   00847615989 00000                                       2
12159BE12341676096039                  EUR1000000000455170091214SA XXXX MARKET            CPTE A VUE / ZICHTREK              159
21000100000001400000427        0000000113135000101214001500000REDEVANCE JAN-NOV                  CONTRAT DE GESTION11111111901 0
2200010000                                                     XXXXXXXXXXXX597055ISABEL           GEBABEBB                   1 0
2300010000BE12201702625236                  XXXXXXXX-IN MARKET ZAVENTEM B                                                    0 1
31000100010001400000427        001500001001XXXXXXXX MARKET ZAVENTEM B                                                        1 0
3200010001STXXXXXXXXXXXXXX 163               1930 ZAVENTEM                                                                   0 0
21000200000001400000428        0000000113135000101214001500000REDEVANCE JAN-NOV                  CONTRAT DE GESTION11111115901 0
2200020000                                                     XXXXXXXXXXX5306844ISABEL           GEBABEBB                   1 0
2300020000BE12301702624428                  XXXXXXXXXXX WAVRE SPRL                                                           0 1
31000200010001400000428        001500001001XXXXXXXX WAVRE SPRL                                                               1 0
3200020001CH E D.XXXXXXX 500 A               1300 WAVRE                                                                      0 0
21000300000001400000429440073880000000050000000101214301500000                                                     10121415911 0
2200030000                                                     FT14344YP389                                                  1 0
2300030000NL133KMG0261239759                   XXXX MARKET SA                                                                0 1
3100030001000140000042944007388301500001001XXXX MARKET SA                                                                    1 0
320003000113 RUE DEXXXXXX, 1000              BRUX XXXXX, BELGIUM                                                             0 0
21000300020001400000429440073880000000050000000101214801501001105000000050000000000000050000000000100000000EUR     10121415911 0
2200030002       NL000000050000000                             FT14344YP389                                                  1 0
2300030002NL123KMG0261239759                   XXXX MARKET SA                                                                0 1
3100030003000140000042944007388801501001006                              EUR0000000500000000100                              0 0
21000400000001400000430        10000000005443001012140040300011246703330000008003    2335         17098487       1010121415901 0
22000400001214                                                                                                               0 0
8159BE12301676096039                  EUR0000000275270530101214                                                                0
9               000023000000000544300000000276270000                                                                           1