0000005030972505        00191602  KOCHUYT RICHARD           KREDBEBB   00417331909 00000                                       2
12042BE86407051416150                  EUR0000000000000000040309STORA ENSO LANGERBRUGGE NVKBC-Bedrijfsrekening               002
2100010000SWJVZ0BN6 BKTBBNPOSKZ0000000000020000050309004500001114931384384900569504030912048LANGERBRUGGE    GENT   05030904201 0
2200010000   2905172259460041                                                                                                0 0
2100020000SWJVZ0BN9 BKTBBNPOSKZ0000000000020000050309004500001114931384384900569604030912068LANGERBRUGGE    GENT   05030904201 0
2200020000   0405856587510021                                                                                                0 0
2100030000SWJVZ0BOC BKTBBNPOSKZ0000000000020000050309004500001114931384384900569704030912098LANGERBRUGGE    GENT   05030904201 0
2200030000   8909540347400232                                                                                                0 0
2100040000SWJVZ0BOF BKTBBNPOSKZ0000000000015000050309004500001114931384384900569804030912178LANGERBRUGGE    GENT   05030904201 0
2200040000   3900897147490232                                                                                                0 0
2100050000SWJVZ0BOI BKTBBNPOSKZ0000000000015000050309004500001114931384384900569904030912198LANGERBRUGGE    GENT   05030904201 0
2200050000   9300107562530013                                                                                                0 0
2100060000SWJVZ0BOL BKTBBNPOSKZ0000000000020000050309004500001114931384384900570004030912228LANGERBRUGGE    GENT   05030904201 0
2200060000   3900896402800143                                                                                                0 0
2100070000SWJVZ0BOO BKTBBNPOSKZ0000000000020000050309004500001114931384384900570104030912258LANGERBRUGGE    GENT   05030904201 0
2200070000   7370186958820221                                                                                                0 0
2100080000SWJVZ0BOR BKTBBNPOSKZ0000000000015000050309004500001114931384384900570204030912328LANGERBRUGGE    GENT   05030904201 0
2200080000   0010793710350087                                                                                                0 0
2100090000SWJVZ0BOU BKTBBNPOSKZ0000000000015000050309004500001114931384384900570304030912328LANGERBRUGGE    GENT   05030904201 0
2200090000   0412607977470006                                                                                                0 0
2100100000SWJVZ0BOX DOMUCVDIU011000000062095010050309005010001107740907316152050309PAIEMT.BETALING374191651101003 005030904201 0
22001000000876820909                                                                                                         1 0
2300100000                                     AMERICAN EXPRESS                                                              0 1
3100100001SWJVZ0BOX DOMUCVDIU01005010001001AMERICAN EXPRESS                                                                  0 0
2100110000SWQSZ0187BOVSBBNONTVA0000000000148300050309001500000ONG. SG   20-4203595                             LOON05030904201 0
2200110000VERLIES HAMERLYNCK TONY                                                                                            1 0
2300110000310180203454                         VIVIUM                                                                        0 1
3100110001SWQSZ0187BOVSBBNONTVA001500001001VIVIUM                                                                            1 0
3200110001RUE ROYALE                         1210   BRUXELLES                                                                0 0
2100120000SWQSZ019ABOVSBBNONTVA0000000002249700050309001500000ONG. SG   20-4203595                             TWO 05030904201 0
2200120000HAMERLYNCK TONY                                                                                                    1 0
2300120000310180203454                         VIVIUM                                                                        0 1
3100120001SWQSZ019ABOVSBBNONTVA001500001001VIVIUM                                                                            1 0
3200120001RUE ROYALE                         1210   BRUXELLES                                                                0 0
2100130000TDGSZ0FAU BKTBBNPOSKZ0000000000020000050309004500001114931384385000570405030908558LANGERBRUGGE    GENT   05030904201 0
2200130000   4453562821750147                                                                                                0 0
2100140000TDGSZ0FAX BKTBBNPOSKZ0000000000015000050309004500001114931384385000570505030909128LANGERBRUGGE    GENT   05030904201 0
2200140000   0501869082060021                                                                                                0 0
2100150000TDGSZ0FA0 BKTBBNPOSKZ0000000000015000050309004500001114931384385000570605030910448LANGERBRUGGE    GENT   05030904201 0
2200150000   0501837769240006                                                                                                0 0
2100160000TPIA01169XBHKDSODSTOC0000000062095010050309201660000AANZUIVERING VANUIT CENTRALE REK.                    05030904211 0
2200160000                                                                                        KREDBEBB                   1 0
2300160000BE38733040385372                                                                                                   0 0
2100160001SWJVZ0BOYXBNKNIANIVIN0000000062095010050309601660000AANZUIVERING VANUIT CENTRALE REK.                    05030904211 0
2200160001                                                                                        KREDBEBB                   1 0
2300160001BE38733040385372                                                                                                   0 0
2100170000TPIA01170YBHKDSODSTOC1000000002608000050309201170000OVERBOEKING NAAR CENTRALE REKENING                   05030904211 0
2200170000                                                                                        KREDBEBB                   1 0
2300170000BE38733040385372                                                                                                   0 0
2100170001SWJVZ0BN7YBNKNIANIVUI1000000000020000050309601170000OVERBOEKING NAAR CENTRALE REKENING                   05030904201 0
2200170001                                                                                        KREDBEBB                   1 0
2300170001BE38733040385372                                                                                                   0 0
2100170002SWJVZ0BOAYBNKNIANIVUI1000000000020000050309601170000OVERBOEKING NAAR CENTRALE REKENING                   05030904201 0
2200170002                                                                                        KREDBEBB                   1 0
2300170002BE38733040385372                                                                                                   0 0
2100170003SWJVZ0BODYBNKNIANIVUI1000000000020000050309601170000OVERBOEKING NAAR CENTRALE REKENING                   05030904201 0
2200170003                                                                                        KREDBEBB                   1 0
2300170003BE38733040385372                                                                                                   0 0
2100170004SWJVZ0BOGYBNKNIANIVUI1000000000015000050309601170000OVERBOEKING NAAR CENTRALE REKENING                   05030904201 0
2200170004                                                                                        KREDBEBB                   1 0
2300170004BE38733040385372                                                                                                   0 0
2100170005SWJVZ0BOJYBNKNIANIVUI1000000000015000050309601170000OVERBOEKING NAAR CENTRALE REKENING                   05030904201 0
2200170005                                                                                        KREDBEBB                   1 0
2300170005BE38733040385372                                                                                                   0 0
2100170006SWJVZ0BOMYBNKNIANIVUI1000000000020000050309601170000OVERBOEKING NAAR CENTRALE REKENING                   05030904201 0
2200170006                                                                                        KREDBEBB                   1 0
2300170006BE38733040385372                                                                                                   0 0
2100170007SWJVZ0BOPYBNKNIANIVUI1000000000020000050309601170000OVERBOEKING NAAR CENTRALE REKENING                   05030904201 0
2200170007                                                                                        KREDBEBB                   1 0
2300170007BE38733040385372                                                                                                   0 0
2100170008SWJVZ0BOSYBNKNIANIVUI1000000000015000050309601170000OVERBOEKING NAAR CENTRALE REKENING                   05030904201 0
2200170008                                                                                        KREDBEBB                   1 0
2300170008BE38733040385372                                                                                                   0 0
2100170009SWJVZ0BOVYBNKNIANIVUI1000000000015000050309601170000OVERBOEKING NAAR CENTRALE REKENING                   05030904201 0
2200170009                                                                                        KREDBEBB                   1 0
2300170009BE38733040385372                                                                                                   0 0
2100170010SWQSZ0188YBNKNIANIVUI1000000000148300050309601170000OVERBOEKING NAAR CENTRALE REKENING                   05030904201 0
2200170010                                                                                        KREDBEBB                   1 0
2300170010BE38733040385372                                                                                                   0 0
2100170011SWQSZ019BYBNKNIANIVUI1000000002249700050309601170000OVERBOEKING NAAR CENTRALE REKENING                   05030904201 0
2200170011                                                                                        KREDBEBB                   1 0
2300170011BE38733040385372                                                                                                   0 0
2100170012TDGSZ0FAVYBNKNIANIVUI1000000000020000050309601170000OVERBOEKING NAAR CENTRALE REKENING                   05030904201 0
2200170012                                                                                        KREDBEBB                   1 0
2300170012BE38733040385372                                                                                                   0 0
2100170013TDGSZ0FAYYBNKNIANIVUI1000000000015000050309601170000OVERBOEKING NAAR CENTRALE REKENING                   05030904201 0
2200170013                                                                                        KREDBEBB                   1 0
2300170013BE38733040385372                                                                                                   0 0
2100170014TDGSZ0FA1YBNKNIANIVUI1000000000015000050309601170000OVERBOEKING NAAR CENTRALE REKENING                   05030904211 0
2200170014                                                                                        KREDBEBB                   1 0
2300170014BE38733040385372                                                                                                   0 0
8042BE86407051416150                  EUR0000000000000000050309                                                                0
9               000091000000064703010000000064703010                                                                           1
0000024121320005                  BVBA tototototototot ZAVENGEBABEBB   00536908262 00000                                       2
12053BE12341702625236                  EUR0000000019338090231213BVBA totototototototototoo                                   015
21000100000001300000211        0000000000177830241213001500000R:4-82055601/058  AFG:MC VAN 22/12 TOT 22/12         24121305301 0
2200010000BRT:0000179,46EUR C:00001,63                                                                                       0 0
21000200000001300000212        0000000000061760241213001500000R:8-82055601/059  AFG:VI VAN 22/12 TOT 22/12         24121305301 0
2200020000BRT:0000062,50EUR C:00000,74                                                                                       0 0
21000300000001300000213        1000000005568320241213101050000                                                     24121305311 0
2200030000                                                     XXXXX X-536908262/0/0000035187                        SALA    0 0
21000400000001300000214        1000000001012860241213001010000F 13110862                                           24121305301 0
2200040000                                                     201312241200195957XXXXXX           GKCCBEBB                   1 0
2300040000BE12345307390039                  XXXXXXX                                                                          0 1
31000400010001300000214        001010001001XXXX                                                                              0 0
21000500000001300000215        1000000000717530241213001010000F 469089                                             24121305301 0
2200050000                                                     201312241657153509XXXXXX           GEBABEBB                   1 0
2300050000BE21234561029073                  XXXXXXXX DOCUMENTS NV                                                            0 1
31000500010001300000215        001010001001XXXXX DOCUMENTS NV                                                                1 0
3200050001XXXXXXXXXXXXXXXXX 386              2500 XXXX                                                                       0 0
21000600000001300000216        1000000000430520241213001010000F 469347                                             24121305301 0
2200060000                                                     201312241659533571XXXXXX           GEBABEBB                   1 0
2300060000BE12345671029073                  XXXXXXXX DOCUMENTS NV                                                            0 1
31000600010001300000216        001010001001XXXXX DOCUMENTS NV                                                                1 0
3200060001XXXXXXXXXXXXXXXXX 386              XXXX XXXX                                                                       0 0
21000700000001300000217        1000000000361240241213001010000F 321515                                             24121305301 0
2200070000                                                     201312241702253644XXXXXX           GKCCBEBB                   1 0
2300070000BE12345620670025                  XXXXXXXXXX                                                                       0 1
31000700010001300000217        001010001001XXXXXXX                                                                           0 0
21000800000001300000218        1000000000320320241213001010000F 321576                                             24121305301 0
2200080000                                                     201312241700513607XXXXXX           GKCCBEBB                   1 0
2300080000BE12345620670025                  XXXXXXXXXX                                                                       0 1
31000800010001300000218        001010001001XXXXXXX                                                                           0 0
21000900000001300000219        1000000000196920241213001010000F 95066822                                           24121305301 0
2200090000                                                     201312241705493726XXXXXX           KREDBEBB                   1 0
2300090000BE12345601840144                  XXXXX XXXXXXXX                                                                   0 1
31000900010001300000219        001010001001XX XXXXXXXX                                                                       0 0
21001000000001300000220        1000000000158290241213001010000F 571968                                             24121305301 0
2200100000                                                     201312241650573283XXXXXX           BBRUBEBB                   1 0
2300100000BE12345611112610                  XXXXXXX                                                                          0 1
31001000010001300000220        001010001001XXXX                                                                              0 0
21001100000001300000221        1000000000003870241213001010000F 130602535549                                       24121305301 0
2200110000                                                     201312241704073681XXXXXX           KREDBEBB                   1 0
2300110000BE12345611161155                  XXXXXXXXXXX                                                                      0 1
31001100010001300000221        001010001001XXXXXXXX                                                                          0 0
8053BE12345602625236                  EUR0000000010807810241213                                                                0
9               000042000000008769870000000000239590                                                                           1