0000002021820005        0000000000VILLA XXXXXXX SASU        CCFRFRPP   00000000000 00000DI/SW180202/2459                       2
13024FR1234567890240924002304825       EUR0000000443390700010218VILLA XXXXXXX SASU        09240023048EUR                     024
2100010000                     1000000000037000010218001010000TRANS : NMSC / INFO : ELYS PC ABONNEMENT             01021802401 0
2200010000                                                     0000000                                                       0 1
3100010001                     001010000CONTRAT NO 123456789379                                                              0 0
2100020000                     1000000000007400010218030370000TRANS : NCOM / INFO : TVA 20 0                       01021802401 0
2200020000                                                     0000000                                                       0 0
8024FR1234567890240924002304825       EUR0000000443346300020218                                                                1
4 00010000                      CLOSING AVAILABLE BALANCE C 180202 EUR 443346,3                                                0
9               000007000000000044400000000000000000                                                                           2
