0000002011520005D                 SA THEK MARKET            GEBABEBB   00847615989 00000                                       2
12162BE12341676096039                  EUR0000000104014760121214SA THEK MARKET            CPTE A VUE / ZICHTREK              162
21000100000001400000436        1000000011442410151214101050000                                                     15121416211 0
2200010000                                                     SALAIRES XXXXXXX 2014/12 55183                        SALA    0 0
21000200000001400000437        1000000002492220151214101050000                                                     15121416211 0
2200020000                                                     SALAIRES XXXXXXX 2014/12 55183                        SALA    0 0
8162BE12341676096039                  EUR0000000090080130151214                                                                0
9               000006000000013934630000000000000000     
